
@misc{noauthor_pression_2020,
	title = {Pression statique},
	copyright = {Creative Commons Attribution-ShareAlike License},
	url = {https://fr.wikipedia.org/w/index.php?title=Pression_statique&oldid=169954162},
	abstract = {La pression statique, dans un fluide en mouvement, est la pression que mesure un capteur qui se déplace à la même vitesse que le fluide. Il s'agit de la pression thermodynamique, c.-à-d. la mesure du déplacement purement aléatoire des molécules du fluide. C'est de cette pression statique que découle les propriétés de densité du fluide pour une température donnée, et vice versa (voir loi des gaz parfaits). La pression statique ne doit pas être confondue avec la pression dynamique exercée sur un objet par un fluide en mouvement et qui est due au mouvement de ce fluide autour de cet objet. Dans un avion, la pression statique est mesurée à partir de prises statiques. Elles sont situées sur le côté du fuselage en des endroits particuliers (voir Tube de Pitot). Le système statique d'un avion lui sert à calculer son altitude, sa vitesse et son taux de montée ou de descente. Ce système est donc nécessaire à la sécurité du vol.
La pression statique est la pression prise en compte dans la fameuse équation de Bernoulli.
En ingénierie, à chaque fois qu'il est fait référence à une pression sans plus amples précisions, cette pression est toujours la pression statique.
Dans l'atmosphère la pression atmosphérique est une pression statique.},
	language = {fr},
	urldate = {2022-12-03},
	journal = {Wikipédia},
	month = apr,
	year = {2020},
	note = {Page Version ID: 169954162},
	file = {Snapshot:C\:\\Users\\ricch\\Zotero\\storage\\6GJZ8E8E\\Pression_statique.html:text/html},
}

@misc{noauthor_pitot_nodate,
	title = {Pitot {Tube}},
	url = {https://www.grc.nasa.gov/www/k-12/VirtualAero/BottleRocket/airplane/pitot.html},
	urldate = {2022-12-03},
	file = {Pitot Tube:C\:\\Users\\ricch\\Zotero\\storage\\L34BH63C\\pitot.html:text/html},
}

@misc{noauthor_pression_2022,
	title = {Pression totale},
	copyright = {Creative Commons Attribution-ShareAlike License},
	url = {https://fr.wikipedia.org/w/index.php?title=Pression_totale&oldid=198361997},
	abstract = {La pression totale dans un fluide (eau, air, etc.) est la somme de la pression statique, de la pression dynamique, et de la densité volumique d'énergie potentielle de gravité (homogène à une hauteur de colonne d'eau, c'est-à-dire à une pression),,,.},
	language = {fr},
	urldate = {2022-12-03},
	journal = {Wikipédia},
	month = nov,
	year = {2022},
	note = {Page Version ID: 198361997},
	file = {Snapshot:C\:\\Users\\ricch\\Zotero\\storage\\E7EH7MWN\\Pression_totale.html:text/html},
}

@misc{noauthor_tube_2022,
	title = {Tube de {Pitot}},
	copyright = {Creative Commons Attribution-ShareAlike License},
	url = {https://fr.wikipedia.org/w/index.php?title=Tube_de_Pitot&oldid=198892898},
	abstract = {Un tube de Pitot (ou simplement Pitot) est l'un des éléments d'un système de mesure de vitesse des fluides. Il doit son nom au physicien français Henri Pitot qui proposa en 1732 un dispositif de mesure de la vitesse des eaux courantes et de la vitesse des bateaux.
En aéronautique, un Pitot mesure la pression totale au sein du circuit de pression statique et totale et permet de déterminer la vitesse relative de l'aéronef par rapport à son environnement.},
	language = {fr},
	urldate = {2022-12-04},
	journal = {Wikipédia},
	month = nov,
	year = {2022},
	note = {Page Version ID: 198892898},
	file = {Snapshot:C\:\\Users\\ricch\\Zotero\\storage\\233MU8K6\\Tube_de_Pitot.html:text/html},
}

@misc{noauthor_maxon_nodate,
	title = {maxon {Motors} as {Generators}},
	url = {https://support.maxongroup.com/hc/en-us/articles/360004496254-maxon-Motors-as-Generators},
	abstract = {Preface:
maxon motors are very efficient. This is also true when operated as generators. The basic calculations are very simple, not the least due to the linear behavior of motors with slotless win...},
	language = {en-US},
	urldate = {2022-12-04},
	journal = {maxon Support},
	file = {Snapshot:C\:\\Users\\ricch\\Zotero\\storage\\3J557XUV\\360004496254-maxon-Motors-as-Generators.html:text/html},
}

@misc{noauthor_turbine_2022,
	title = {Turbine},
	copyright = {Creative Commons Attribution-ShareAlike License},
	url = {https://fr.wikipedia.org/w/index.php?title=Turbine&oldid=198359202},
	abstract = {Une turbine est un dispositif rotatif convertissant partiellement l'énergie interne d'un fluide, liquide (comme l'eau) ou gazeux (vapeur, air, gaz de combustion), en énergie mécanique au moyen d'aubes disposées sur un arbre tournant à grande vitesse.
L'énergie entrante du fluide est caractérisée notamment par sa vitesse, sa pression, son enthalpie. L'énergie mécanique sortante de la turbine entraîne un autre mécanisme rotatif comme un alternateur, un compresseur, une pompe ou tout autre récepteur (exemple un générateur). L'ensemble est alors respectivement appelé turbo-alternateur, turbocompresseur, turbopompe, etc.},
	language = {fr},
	urldate = {2022-12-05},
	journal = {Wikipédia},
	month = nov,
	year = {2022},
	note = {Page Version ID: 198359202},
	file = {Snapshot:C\:\\Users\\ricch\\Zotero\\storage\\YAV54MWT\\Turbine.html:text/html},
}

@misc{noauthor_centrale_2022,
	title = {Centrale à inertie},
	copyright = {Creative Commons Attribution-ShareAlike License},
	url = {https://fr.wikipedia.org/w/index.php?title=Centrale_%C3%A0_inertie&oldid=192388914},
	abstract = {Une centrale à inertie ou centrale inertielle est un instrument utilisé en navigation, capable d'intégrer les mouvements d'un mobile (accélération et vitesse angulaire) pour estimer son orientation (angles de roulis, de tangage et de cap), sa vitesse linéaire et sa position. L'estimation de position est relative au point de départ ou au dernier point de recalage.
La centrale à inertie n'utilise aucune information extérieure au mobile. Malgré les progrès spectaculaires des systèmes de positionnement par satellites, elle reste utilisée sur les avions de ligne dont la sécurité des vols ne peut reposer uniquement sur le GPS, insuffisamment fiable. Généralement, les véhicules militaires en sont également équipés pour pallier les brouillages du GPS susceptibles d'être rencontrés en temps de guerre.},
	language = {fr},
	urldate = {2022-12-07},
	journal = {Wikipédia},
	month = mar,
	year = {2022},
	note = {Page Version ID: 192388914},
	file = {Snapshot:C\:\\Users\\ricch\\Zotero\\storage\\FA2Z74LP\\Centrale_à_inertie.html:text/html},
}
